%% This BibTeX bibliography file was created using BibDesk.
%% https://bibdesk.sourceforge.io/

%% Created for Andr√© Storhaug at 2020-02-02 13:28:19 +0100 


%% Saved with string encoding Unicode (UTF-8) 



@online{octree,
	Author = {Wikipedia},
	Date-Added = {2020-01-31 23:55:28 +0100},
	Date-Modified = {2020-01-31 23:55:47 +0100},
	Keywords = {octree},
	Urldate = {2020-01-31},
	Title = {Octree},
	Url = {https://en.wikipedia.org/wiki/Octree}}

@online{stack-overflow,
	Author = {Stack Overflow},
	Date-Added = {2020-01-31 17:36:41 +0100},
	Date-Modified = {2020-01-31 17:38:33 +0100},
	Keywords = {stack overflow, documentation},
	Urldate = {2020-01-31},
	Title = {Stack Overflow},
	Url = {https://stackoverflow.com}}

@online{product-backlog,
	Author = {Scrum.org},
	Date-Added = {2020-01-31 17:31:19 +0100},
	Date-Modified = {2020-01-31 17:32:21 +0100},
	Keywords = {scrum, agile},
	Urldate = {2020-01-31},
	Title = {What is a Product Backlog?},
	Url = {https://www.scrum.org/resources/what-is-a-product-backlog}}

@online{github-actions,
	Author = {GitHub},
	Date-Added = {2020-01-31 16:40:54 +0100},
	Date-Modified = {2020-01-31 16:41:26 +0100},
	Keywords = {github},
	Urldate = {2020-01-31},
	Title = {GitHub Actions},
	Url = {https://github.com/features/actions}}

@online{github-marketplace,
	Date-Added = {2020-01-31 16:38:44 +0100},
	Date-Modified = {2020-01-31 16:39:27 +0100},
	Keywords = {github},
	Urldate = {2020-01-31},
	Title = {Extend GitHUb},
	Url = {https://github.com/marketplace}}

@online{cross-platform,
	Author = {Wikipedia},
	Date-Added = {2020-01-31 16:00:28 +0100},
	Date-Modified = {2020-01-31 16:01:34 +0100},
	Keywords = {cross platform},
	Urldate = {2020-01-31},
	Month = {1},
	Title = {Cross-platform software},
	Url = {https://en.wikipedia.org/wiki/Cross-platform_software},
	Year = {2020}}

@online{polygon-mesh,
	Author = {Wikipedia},
	Date-Added = {2020-01-31 15:09:49 +0100},
	Date-Modified = {2020-01-31 15:10:37 +0100},
	Keywords = {polygon, 3D modeling, graphics},
	Urldate = {2020-01-31},
	Title = {Polygon mesh},
	Url = {https://en.wikipedia.org/wiki/Polygon_mesh}}

@online{three.js-mesh,
	Author = {three.js},
	Date-Added = {2020-01-31 14:57:15 +0100},
	Date-Modified = {2020-01-31 14:57:48 +0100},
	Keywords = {three.js, mesh},
	Urldate = {2020-01-31},
	Title = {Mesh},
	Url = {https://threejs.org/docs/#api/en/objects/Mesh}}

@online{binvox-file-format,
	Author = {Patrick Min},
	Date-Added = {2020-01-31 02:38:33 +0100},
	Date-Modified = {2020-01-31 02:40:09 +0100},
	Keywords = {voxel, file format},
	Urldate = {2020-01-31},
	Title = {BINVOX voxel file format specification},
	Url = {https://www.patrickmin.com/binvox/binvox.html}}

@online{magica-voxel,
	Author = {ephtracy},
	Date-Added = {2020-01-30 22:38:42 +0100},
	Date-Modified = {2020-01-30 22:39:42 +0100},
	Keywords = {voxel, editor},
	Title = {MagicaVoxel},
	Url = {https://ephtracy.github.io/index.html?page=mv_main}}

@online{jsdoc,
	Author = {JSDoc},
	Date-Added = {2020-01-30 17:41:09 +0100},
	Date-Modified = {2020-01-30 17:43:07 +0100},
	Keywords = {jsdoc, documentation},
	Urldate = {2020-01-31},
	Title = {JSDoc},
	Url = {https://github.com/jsdoc/jsdoc}}

@online{webgl,
	Author = {Khronos Group},
	Date-Added = {2020-01-27 22:18:50 +0100},
	Date-Modified = {2020-01-27 22:20:19 +0100},
	Keywords = {webgl},
	Urldate = {2020-01-27},
	Title = {WebGL Overview},
	Url = {https://www.khronos.org/webgl/},
	Bdsk-Url-1 = {https://www.khronos.org/webgl/}}

@online{three.js,
	Author = {three.js},
	Date-Added = {2020-01-27 22:14:05 +0100},
	Date-Modified = {2020-01-27 22:17:01 +0100},
	Keywords = {webgl},
	Urldate = {2020-01-27},
	Title = {three.js},
	Url = {https://threejs.org},
	Bdsk-Url-1 = {https://threejs.org}}

@online{voxelizer,
	Author = {Andr{\'e} Storhaug},
	Date-Added = {2020-01-27 02:37:11 +0100},
	Date-Modified = {2020-01-27 02:37:49 +0100},
	Urldate = {2020-01-26},
	Title = {Voxelizer},
	Year = {2019},
	Url = {https://github.com/andstor/voxelizer},
	Bdsk-Url-1 = {https://github.com/andstor/voxelizer}}

@online{open-source,
	Author = {Wikipedia},
	Date-Added = {2020-01-26 22:15:27 +0100},
	Date-Modified = {2020-01-26 22:16:36 +0100},
	Keywords = {open source},
	Urldate = {2020-01-26},
	Month = {1},
	Title = {Open source},
	Url = {https://en.wikipedia.org/wiki/Open_source},
	Year = {2020},
	Bdsk-Url-1 = {https://en.wikipedia.org/wiki/Open_source}}

@online{github-security-vulnerabilities,
	Author = {GitHub},
	Date-Added = {2020-01-26 21:00:27 +0100},
	Date-Modified = {2020-01-26 21:04:53 +0100},
	Keywords = {github, security},
	Urldate = {2020-01-26},
	Title = {Managing vulnerabilities in your project's dependencies},
	Url = {https://help.github.com/en/github/managing-security-vulnerabilities/about-security-alerts-for-vulnerable-dependencies#alerts-and-automated-security-updates-for-vulnerable-dependencies},
	Bdsk-Url-1 = {https://help.github.com/en/github/managing-security-vulnerabilities/about-security-alerts-for-vulnerable-dependencies#alerts-and-automated-security-updates-for-vulnerable-dependencies}}

@online{scrum,
	Author = {Scrum.org},
	Date-Added = {2020-01-26 16:46:02 +0100},
	Date-Modified = {2020-01-26 16:49:45 +0100},
	Keywords = {scrum},
	Urldate = {2020-01-26},
	Title = {Scrum},
	Url = {http://www.scrum.org/},
	Bdsk-Url-1 = {http://www.scrum.org/}}

@online{confluence,
	Author = {Atlassian},
	Date-Added = {2020-01-26 01:55:33 +0100},
	Date-Modified = {2020-01-26 01:56:03 +0100},
	Keywords = {project planning},
	Urldate = {2020-01-25},
	Title = {Confluence},
	Url = {https://www.atlassian.com/software/confluence},
	Bdsk-Url-1 = {https://www.atlassian.com/software/confluence}}

@online{jira,
	Author = {Atlassian},
	Date-Added = {2020-01-26 01:49:45 +0100},
	Date-Modified = {2020-01-26 01:50:30 +0100},
	Keywords = {issue tracking, project planning},
	Urldate = {2020-01-25},
	Title = {Jira},
	Url = {https://www.atlassian.com/software/jira},
	Bdsk-Url-1 = {https://www.atlassian.com/software/jira}}

@online{github,
	Date-Added = {2020-01-25 23:57:14 +0100},
	Date-Modified = {2020-01-25 23:57:40 +0100},
	Keywords = {git},
	Urldate = {2020-01-25},
	Title = {About GitHub},
	Url = {https://github.com/about},
	Bdsk-Url-1 = {https://github.com/about}}

@online{git,
	Author = {Git},
	Date-Added = {2020-01-25 23:52:15 +0100},
	Date-Modified = {2020-01-25 23:58:33 +0100},
	Keywords = {git},
	Urldate = {2020-01-25},
	Title = {About Git},
	Url = {https://git-scm.com/about},
	Bdsk-Url-1 = {https://git-scm.com/about}}

@online{sourcetree,
	Author = {Atlassian},
	Date-Added = {2020-01-25 23:48:49 +0100},
	Date-Modified = {2020-01-25 23:57:55 +0100},
	Keywords = {git},
	Urldate = {2020-01-25},
	Title = {SourceTree},
	Url = {https://www.sourcetreeapp.com},
	Bdsk-Url-1 = {https://www.sourcetreeapp.com}}

@online{blender,
	Author = {Blender Foundation},
	Date-Added = {2020-01-25 23:46:37 +0100},
	Date-Modified = {2020-01-25 23:59:20 +0100},
	Keywords = {3D modeling},
	Urldate = {2020-01-25},
	Title = {About Blender},
	Url = {https://www.blender.org/about},
	Bdsk-Url-1 = {https://www.blender.org/about}}

@online{visual-studio-code,
	Author = {Microsoft},
	Date-Added = {2020-01-25 19:03:16 +0100},
	Date-Modified = {2020-01-25 23:57:47 +0100},
	Keywords = {editor},
	Urldate = {2020-01-25},
	Title = {Visual Studio Code},
	Url = {https://code.visualstudio.com},
	Bdsk-Url-1 = {https://code.visualstudio.com}}

@online{node.js-api-docs,
	Author = {Node.js},
	Date-Added = {2020-01-23 23:02:32 +0100},
	Date-Modified = {2020-01-25 23:58:13 +0100},
	Keywords = {node.js},
	Urldate = {2020-01-23},
	Title = {Node.js Documentation},
	Url = {https://nodejs.org/api/},
	Bdsk-Url-1 = {https://nodejs.org/api/}}

@online{three.js-docs,
	Author = {three.js},
	Date-Added = {2020-01-23 22:51:09 +0100},
	Date-Modified = {2020-01-23 23:12:17 +0100},
	Keywords = {documentation, three.js},
	Urldate = {2020-01-23},
	Title = {three.js docs},
	Url = {http://threejs.org/docs/},
	Bdsk-Url-1 = {http://threejs.org/docs/}}

@online{mdn-web-docs,
	Author = {Mozilla},
	Date-Added = {2020-01-23 22:35:41 +0100},
	Date-Modified = {2020-01-23 23:18:06 +0100},
	Keywords = {documentation, JavaScript},
	Urldate = {2020-01-23},
	Title = {MDN Web Docs},
	Url = {https://developer.mozilla.org/en-US/},
	Bdsk-Url-1 = {https://developer.mozilla.org/en-US/}}

@online{gitflow,
	Author = {Vincent Driessen},
	Date-Added = {2020-01-22 00:33:33 +0100},
	Date-Modified = {2020-01-25 23:59:26 +0100},
	Keywords = {git},
	Urldate = {2020-01-22},
	Month = {1},
	Title = {A successful Git branching model},
	Url = {https://nvie.com/posts/a-successful-git-branching-model/},
	Year = {2010},
	Bdsk-Url-1 = {https://nvie.com/posts/a-successful-git-branching-model/}}

@online{data-protection-by-design,
	Author = {Datatilsynet},
	Date-Modified = {2020-01-23 23:06:57 +0100},
	Keywords = {information security},
	Urldate = {2020-01-22},
	Title = {Software development with Data Protection by Design and by Default},
	Url = {https://www.datatilsynet.no/en/about-privacy/virksomhetenes-plikter/innebygd-personvern/data-protection-by-design-and-by-default/},
	Bdsk-Url-1 = {https://www.datatilsynet.no/en/about-privacy/virksomhetenes-plikter/innebygd-personvern/data-protection-by-design-and-by-default/}}
